@article{OxCGRT,
  author          = {Thomas Hale and Noam Angrist and Rafael Goldszmidt and
                  Beatriz Kira and Anna Petherick and Toby Phillips and Samuel
                  Webster and Emily Cameron-Blake and Laura Hallas and Saptarshi
                  Majumdar and Helen Tatlow},
  title           = {A Global Panel Database of Pandemic Policies (Oxford
                  Covid-19 Government Response Tracker)},
  journal         = {Nature Human Behaviour},
  volume          = {nil},
  number          = {nil},
  pages           = {nil},
  year            = 2021,
  doi             = {10.1038/s41562-021-01079-8},
  url             = {https://doi.org/10.1038/s41562-021-01079-8},
  DATE_ADDED      = {Wed Mar 24 10:47:56 2021},
}
